@BOOK{kailath00,
    Address        = {Upper Saddle River, NY},
    Author         = {T. Kailath and A. H. Sayed and B. Hassibi},
    Publisher      = {Prentice Hall},
    Title          = {Linear Estimation},
    Year           = {2000}
}

@BOOK{graupe89,
    Author         = {Daniel Graupe},
    Publisher      = {Robert E. Krieger Publishing Co., Inc.},
    Title          = {Time series analysis: identification and adaptive filtering},
    Year           = {1989}
}

@Misc{juniper:url,
    Author         = {Juniper}, 
    title          = {Configuring traffic sampling},
    URL            = {http://www.juniper.net/techpubs/software/junos/junos83/swconfig83- \newline
                      services/html/flow-monitoring-config3.html}

@ARTICLE{kpss92,
    Author         = {D. Kwiatkowski and P. C. B. Phillips and P. Schmidt and Y. Shin},
    Journal        = {Journal of Econometrics},
    Title          = {Testing the Null Hypothesis of Stationarity against the Alternative of a Unit Root},
    Year           = {1992},
    Volume         = {54},
    Pages          = {159-178}
}

@ARTICLE{hinich82,
    Author         = {M. J. Hinich},
    Journal        = {J. Time Series Analysis},
    Title          = {Testing for Gaussianity and Linearity of a Stationary Time Series},
    Year           = {1982},
    Volume         = {3},
    Pages          = {169-176}
}

@BOOK{nikias93,
    Address        = {Englewood Cliffs, NJ},
    Author         = {Chrysostomos L. Nikias and Athina P. Petropulu},
    Publisher      = {Prentice-Hall},
    Title          = {Higher-order spectra analysis: a nonlinear signal processing framework},
    Year           = {1993}
}

@BOOK{rosenblatt83,
    Author         = {M. Rosenblatt},
    Publisher      = {Elsevier Science Publishers B. V.},
    Title          = {Handbook of Statistics, 3, D. R. Brillinger and P. R. Krishnaiah (Eds.)},
    Chapter        = {Cumulants and Cumulant Spectra},
    Year           = {1983},
    Pages          = {369-382}
}
% linear non-gaussian proc. and their higher-order spectral properties 

@ARTICLE{brillinger65,
    Author         = {D. R. Brillinger},
    Journal        = {Ann. Math. Statist.},
    Title          = {An Introduction to Polyspectra},
    Volume         = {36}, 
    Year           = {1965},
    Pages          = {1351-1374}
}
% first tutorial paper on polyspectra
% definitions and properties of cumulant spectra

@BOOK{rabiner83,
    Publisher      = {Prentice Hall},
    Author         = {R. E. Crochiere and L. R. Rabiner},
    Title          = {Multirate Digital Signal Processing},
    Year           = {1983}
}

@ARTICLE{morlet84,
    Author         = {A. Grossmann and J. Morlet},
    Journal        = {SIAM J. Math.},
    Title          = {Decomposition of hardy functions into square integrable wavelets of constant shape},
    Volume         = {15},
    Pages          = {723-736},
    Year           = {1984}
}

@BOOK{baccala04,
    Author         = {L. A. Baccalá},
    Title          = {Notas de Aula da Disciplina PTC5772, Processamento de Sinais no Domínio Tempo-Freqüência},
    Publisher      = {EPUSP},
    Year           = {2004}
}

@BOOK{mallat99,
    Author         = {S. Mallat},
    Publisher      = {Academic Press},
    Title          = {A Wavelet Tour of Signal Processing},
    Edition        = {second},
    Year           = {1999}
}

@Misc{wavelab:url,
    title          = {WaveLab 850},
    URL            = {http://www-stat.stanford.edu/$~$wavelab/Wavelab\_850/index\_wavelab850.html}
}

@PHDTHESIS{fernando06,
    Author  	     = {Fernando Lemos de Mello},
    Title          = {Estudo e Implementação de um Gerador de Tráfego com Dependência de Longa Duração},
    Type           = {Dissertação de Mestrado},
    Year           = {2006},
    School         = {Escola Politécnica da USP},
    Address        = {São Paulo}
}

@ARTICLE{veitch00b,
    Author         = {D. Veitch and M. S. Taqqu and P. Abry},
    Journal        = {Signal Processing},
    Title          = {Meaningful \uppercase{MRA} initialization for discrete time series},
    Volume         = {80},
    Pages          = {1971-1983},
    Year           = {2000}
}

@BOOK{kolmogorov75,
    Publisher      = {Dover Publications, Inc.},
    Author         = {A. N. Kolmogorov and S. V. Fomin},
    Title          = {Introductory Real Analysis (revised English Edition translated and edited by R. A. Silverman)},
    Year           = {1975}
}

@BOOK{stein05,
    Publisher      = {Princeton University Press},
    Author         = {Elias M. Stein and R. Shakarchi},
    Title          = {Real Analysis: Measure Theory, Integration, and Hilbert Spaces},
    Year           = {2005}
}

@ARTICLE{chang97,
    Author         = {P.-R. Chang and J.-T. Hu},
    Journal        = {IEEE J. Select. Areas Commun.},
    Title          = {Optimal nonlinear adaptive prediction and modeling of \uppercase{MPEG} video in 
                      \uppercase{ATM} networks using pipelined recurrent neural networks},
    Volume         = {15},
    Number         = {8},
    Pages          = {1087-1100},
    Year           = {1997}
}

@ARTICLE{beran95,
    Author         = {J. Beran and R. Sherman and M. S. Taqqu and W. Willinger},
    Journal        = {IEEE Trans. Commun.},
    Title          = {Long-range dependence in variable-bit-rate video traffic},
    Volume         = {43},
    Number         = {234},
    Month          = {Feb./March/Apr.},
    Pages          = {1566-1579},
    Year           = {1995}
}

@INPROCEEDINGS{andersen97,
    Author         = {A. T. Andersen and B. F. Nielsen},
    Booktitle      = {Sixteenth Annual Joint Conf. of the \uppercase{IEEE} \uppercase{C}omp. and \uppercase{C}omm. 
                     \uppercase{S}ocieties, \uppercase{INFOCOM} 1997},
    Title          = {An application of superpositions of two state \uppercase{M}arkovian sources to the modeling of self-similar 
                      Behavior},
    Year           = {1997},
    Pages          = {196-204}
}

@ARTICLE{gong05,
    Author         = {W-B. Gong and Y. Liu and V. Misra and D. Townsley},
    Journal        = {Computer Networks},
    Title          = {Self-Similarity and Long Range Dependence on the Internet: a second look at the evidence,
                      origins and implications},
    Year           = {2005},
    Volume         = {48},
    Pages          = {377-399}
}

@ARTICLE{willinger97,
    Author         = {W. Willinger and M. S. Taqqu and R. Sherman and D. V. Wilson},
    Journal        = {IEEE/ACM Trans. on Networking},
    Title          = {Self-similarity through high-variability: statistical analysis of 
                      \uppercase{E}thernet \uppercase{LAN} traffic at the source level},
    Volume         = {5},
    Pages          = {71-86},
    Year           = {1997}
}

@INPROCEEDINGS{crovella96,
    Author         = {M. E. Crovella and A. Bestavros},
    Booktitle      = {Proceedings of the \uppercase{ACM S}igmetrics'96},
    Pages          = {160-169},
    Title          = {Self-Similarity in world wide web traffic - evidence and possible causes},
    Year           = {1996}
}

@INPROCEEDINGS{willinger02,
    Author         = {W. Willinger and R. Govindan and S. Jamin and V. Paxson and S. Shenker},
    Booktitle      = {National Academy of Sciences, Colloquium},
    Volume         = {99},
    Pages          = {2573-2580},
    Title          = {Scaling Phenomena in the Internet: Critically Examining Critically},
    Year           = {2002},
    Month          = {Feb.},
    url            = {http://www.pnas.org/cgi/doi/10.1073/pnas.012583099}
}

@INPROCEEDINGS{kay81,
    Author         = {S. M. Kay and S. L. Marple Jr.},
    Booktitle      = {Proceedings of the \uppercase{IEEE}},
    Title          = {Spectrum Analysis - A Modern Perspective},
    Volume         = {69},
    Pages          = {1380-1419}
    Year           = {1981}
}

@ARTICLE{stoev06,
    Author         = {S. Stoev and M. S. Taqqu and C. Park and J. S. Marron and G. Michailidis and J. S. Marron},
    Journal        = {Computational Statistics \& Data Analysis},
    Title          = {\uppercase{LASS}: a tool for the local analysis of self-similarity},
    Year           = {2006},
    Volume         = {50},
    Pages          = {2447-2471}
}

@BOOK{kurose06,
    Publisher      = {Pearson Addison Wesley},
    Author         = {James F. Kurose and Keith W. Ross},
    Title          = {Redes de Computadores e a Internet},
    Year           = {2006}
}


@INPROCEEDINGS{zhang03,
    Author         = {Z. Zhang and V. J. Ribeiro and S. Moon and C. Diot},
    Booktitle      = {22nd Annual Joint Conf. of the \uppercase{IEEE} \uppercase{C}omp. and \uppercase{C}omm. 
                     \uppercase{S}ocieties, \uppercase{INFOCOM} 2003},
    Title          = {Modeling Video Traffic in the Wavelet Domain},
    Address        = {San Francisco, USA},
    Year           = {2003},
    Month          = {Apr.},
    Pages          = {1826-1836}
}

@INPROCEEDINGS{nolan99,
    Author         = {J. P. Nolan},
    Booktitle      = {Applications of Heavy Tailed Distributions in Economics, Engineering and Statistics},
    Title          = {Fitting Data and Assessing Goodness-of-Fit with Stable-Distributions},
    Address        = {Washington, DC, USA},
    Year           = {1999},
    Month          = {June}
}

@TECHREPORT{nolan-stable-manual,
    Author         = {J. P. Nolan},
    Title          = {User Manual for \uppercase{STABLE} 4.0 \uppercase{M}atlab version},
    INSTITUTION    = {Robust Analysis, Inc.}
}

@ARTICLE{Jarque87,
    Author          = {C. M. Jarque and A. K. Bera},
    Journal         = {International Statistical Review},
    Title           = {A test for normality of observations and regression residuals},
    Year            = {1987},
    Volume          = {55},
    Number          = {5},	
    Pages           = {163-172}
}

@PHDTHESIS{whitcher98,
	 	Author  	     = {Brandon J. Whitcher},
 		Title          = {Assessing Nonstationary Time Series Using Wavelets},
 		Type           = {Doctoral Thesis},
 		Year           = {1998},
 		School         = {University of Washington}
}

@Misc{tcpdump,
    author         = {Van Jacobson and Craig Leres and Steven McCanne},
    title          = {\uppercase{TCPDUMP} Public Repository},
    URL            = {http://www.tcpdump.org/}
}

@ARTICLE{park05,
    Author         = {C. Park and F. Hernández-Campos and J. S. Marron and F. D. Smith},
    Journal        = {Computer Networks},
    Title          = {Long-Range Dependence in a Changing Internet Traffic Mix},
    Year           = {2005},
    Volume         = {48},
    Pages          = {401-422}
}

@ARTICLE{stoev05,
    Author         = {S. Stoev and M. S. Taqqu and C. Park and J. S. Marron},
    Journal        = {Computer Networks},
    Title          = {On the Wavelet Spectrum Diagnostic for \uppercase{H}urst Parameter Estimation in the Analysis of Internet 														Traffic},
    Year           = {2005},
    Volume         = {48},
    Pages          = {423-444}
}

@Misc{traces:LCS05,
    author         = {M. Lipas},
    title          = {Traces \uppercase{LCS}05},
    URL            = {http://www.lcs.poli.usp.br/\~lipas/traces/}
}

@Misc{trace:UNC02,
    author         = {C. Park and F. Hernández-Campos and J. S. Marron and F. D. Smith},
    title          = {Trace \uppercase{UNC}02},
    URL            = {http://www-dirt.cs.unc.edu/ts/}
}

@incollection{leipus03,
  author        = {Piotr Kokoszka and Remigijus Leipus},
  editor        = {P. Doukan and G. Oppenheim and M. S. Taqqu},
  title         = {Detection and Estimation of Changes in Regime},
  booktitle     = {Theory and Applications of Long Range Dependence},
  pages         = {325-337}
  publisher     = {Birkhäuser},
  address       = {Boston, MA},
  year          = {2003}
}

@PHDTHESIS{ventura00,
	 	Author  	     = {Alessandra Montini Ventura},
 		Title          = {Alguns Testes de Linearidade para Séries Temporais nos Domínios do Tempo e da Freqüência},
 		Type           = {Dissertação de Mestrado},
 		Year           = {2000},
 		School         = {IME-USP},
 		Address        = {São Paulo}
}

@incollection{bardet03b,
  author        = {Jean-Marc Bardet and Gabriel Lang and Georges Oppenheim and 
                   Anne Philippe and Stilian Stoev and Murad S. Taqqu},
  editor        = {P. Doukan and G. Oppenheim and M. S. Taqqu},
  title         = {Semi-Parametric Estimation of the Long-Range Dependence Parameter},
  booktitle     = {Theory and Applications of Long Range Dependence},
  publisher     = {Birkhäuser},
  address       = {Boston, MA},
  year          = {2003}
}

@ARTICLE{beran95,
    Author         = {J. Beran},
    Journal        = {Journal of Royal Statistical Society B},
    Title          = {Maximum likelihood estimation of the differencing parameter for invertible short and long memory                           ARIMA models},
    Year           = {1995},
    Volume         = {57},
    Number         = {4},
    Pages          = {659-672}
}

@ARTICLE{haslett89,
    Author         = {J. Haslett and A. E. Raftery},
    Journal        = {Journal of Royal Statistical Society Series C},
    Title          = {Space-Time Modelling with Long-Memory Dependence: Assessing \uppercase{I}reland's Wind Power 
                      Resource},
    Year           = {1989},
    Volume         = {38},
    Pages          = {1-21}
}

@ARTICLE{mandelbrot71,
    Author         = {B. B. Mandelbrot},
    Journal        = {Review of Economics and Statistics},
    Title          = {When can price be arbitraged efficiently? A limit to the validity of the random 
                      walk and martingale models},
    Year           = {1971},
    Volume         = {56},
    Pages          = {225-236}
}

@ARTICLE{granger66,
    Author         = {C. W. J. Granger},
    Journal        = {Econometrica},
    Title          = {The Typical Spectral Shape of an Economic Variable},
    Year           = {1966},
    Volume         = {34},
    Pages          = {150-161}
}

@BOOK{jain91,
    Publisher      = {John Wiley \& Sons, Inc.},
    Author         = {Raj Jain},
    Title          = {The Art of Computer Systems Performance Analysis - Techniques for Experimental Design, 
                      Simulation, and Modeling},
    Year           = {1991}
}

@BOOK{athreya06,
    Address        = {New York, NY},
    Author         = {K. B. Athreya and S. N. Lahiri},
    Publisher      = {Springer},
    Title          = {Measure Theory and Probability Theory},
    Year           = {2006}
}

@Misc{matlab:fbm,
    author         = {J.-F. Coeurjolly},
    title          = {Códigos Matlab para simulação e identificação de \emph{fractional Brownian motion} e \emph{multifractional Brownian motion}},
    URL            = {http://www-lmc.imag.fr/SMS/software.html}
}

@PHDTHESIS{coeurjolly00,
	 	Author  	     = {J.-F. Coeurjolly},
 		Title          = {Inference statistique pour les mouvements browniens fractionnaires et multifractionnaires},
 		Type           = {PhD Thesis},
 		Year           = {2000},
 		School         = {Universite Joseph Fourier, Grenoble I, Institut National Polytechnique de Grenoble, INPG},
 		Address        = {France}
}

 
@ARTICLE{daubechies88,
    Author         = {Ingrid Daubechies},
    Journal        = {Comm. Pure Appl. Math.},
    Title          = {Orthonormal Bases of Compactly Supported Wavelets},
    Year           = {1988},
    Volume         = {41},
    Pages          = {909-996}
}

@ARTICLE{gabor46,
    Author         = {D. Gabor},
    Journal        = {J. Inst. Eletr. Eng.},
    Title          = {Theory of Communication},
    Year           = {1946},
    Volume         = {93},
    Number         = {III},	
    Pages          = {429-457}
}

@BOOK{sayed03,
    Address        = {Hoboken, NJ},
    Author         = {A. H. Sayed},
    Publisher      = {John Wiley \& Sons, Inc.},
    Title          = {Fundamentals of Adaptive Filtering},
    Year           = {2003}
}

@ARTICLE{gph83,
    Author         = {J. Geweke and S. Porter-Hudak},
    Journal        = {Journal of Time Series Analysis},
    Pages          = {221-237},
    Title          = {The Estimation and Application of Long Memory Time Series Models},
    Volume         = {4},
    Year           = {1983}
}

@ARTICLE{lo91,
    Author         = {A. W. Lo},
    Journal        = {Econometrica},
    Title          = {Long Term Memory in Stock Market Prices},
    Year           = {1991},
    Volume         = {59},
    Number         = {5},
    Pages          = {1279-1313}
}

@BOOK{feller71,
    Publisher      = {John Wiley},
    Address        = {New York},
    Author         = {W. Feller},
    Title          = {An Introduction to Probability Theory and Its Applications, Vol. 2},
    Edition        = {2nd},
    Year           = {1971}
} 

@ARTICLE{shao93,
    Author         = {Min Shao and C. Nikias},
    Journal        = {Proceedings of the IEEE},
    Title          = {Signal Processing with Fractional Lower Order Moments: Stable Processes and Their Applications},
    Volume         = {81},
    Number         = {7},
    Month          = {July},
    Year           = {1993}
}

@BOOK{baccala03,
    Author         = {L. A. Baccalá},
    Title          = {Notas de Aula da Disciplina PTC5779, Processamento de Sinais 3},
    Publisher      = {EPUSP},
    Year           = {2003}
}

@BOOK{hamilton94,
    Publisher      = {Princeton University Press},
    Address        = {New Jersey, U.S.A.},
    Author         = {J. D. Hamilton},
    Title          = {Time Series Analysis},
    Year           = {1994}
} 

@BOOK{opp89,
    Publisher      = {Prentice-Hall International,Inc.},
    Address        = {N.J., U.S.A.},
    Author         = {Alan V. Oppenheim and Ronald W. Schafer},
    Title          = {Discrete-Time Signal Processing},
    Year           = {1989}
} 

@BOOK{morettin06,
    Author         = {Pedro A. Morettin},
    Title          = {Econometria Financeira},
    Publisher      = {Associação Brasileira de Estatística},
    Year           = {2006}
}

@ARTICLE{percival92,
    Author         = {D. B. Percival},
    Journal        = {Computing Science and Statistics},
    Pages          = {534-538},
    Title          = {Simulating \uppercase{G}aussian Random Processes with Specified Spectra},
    Volume         = {24},
    Year           = {1992}
}

@ARTICLE{davies87,
    Author         = {R. B. Davies and D. S. Harte},
    Journal        = {Biometrika},
    Pages          = {95-101},
    Title          = {Tests for \uppercase{H}urst Effect},
    Volume         = {74},
    Year           = {1987}
}

@BOOK{julien03,
    Author         = {Julien Clinton Sprott},
    Address        = {New York},
    Publisher      = {Oxford University Press},
    Title          = {Chaos and Time-Series Analysis},
    Year           = {2003}
}

@incollection{park00,
  author        = {K. Park and W. Willinger},
  editor        = {K. Park and W. Willinger},
  title         = {Self-Similar Network Traffic: An Overview}, 
  booktitle     = {Self-Similar Network Traffic and Performance Evaluation},
  publisher     = {John Wiley \& Sons, Inc.},
  year          = {2000}
}

@incollection{abry00,
  author        = {P. Abry and P. Flandrin and M. S. Taqqu and D. Veitch},
  editor        = {K. Park and W. Willinger},
  title         = {Wavelets for the Analysis, Estimation, and Synthesis of Scaling Data}, 
  booktitle     = {Self-Similar Network Traffic and Performance Evaluation},
  publisher     = {John Wiley \& Sons, Inc.},
  year          = {2000}
}

@incollection{riedi03,
  author        = {R. Riedi},
  editor        = {P. Doukan and G. Oppenheim and M. S. Taqqu},
  title         = {Multifractal Processes},
  booktitle     = {Theory and Applications of Long Range Dependence},
  publisher     = {Birkhäuser},
  address       = {Boston, MA},
  year          = {2003}
}

@BOOK{falconer90,
    Author         = {K. Falconer},
    Address        = {England},
    Publisher      = {John Wiley \& Sons, Inc.},
    Title          = {Fractal geometry, Mathematical Foundations and Applications},
    Year           = {1990}
}

@ARTICLE{tsybakov97,
    Author         = {B. Tsybakov and N. D. Georganas},
    Journal        = {IEEE Trans. Networking},
    Title          = {On self-similar traffic in \uppercase{ATM} queues: definitions, overflow probability bound, and cell delay distribution},
    Volume         = {5},
    Pages          = {397-409},
    Month          = {June},
    Year           = {1997}
}

@PHDTHESIS{backar00,
	 	Author  	     = {J.-A. Bäckar},
 		Title          = {A Framework for Implementing Fractal Traffic Models in Real Time},
 		Type           = {Master Thesis},
 		Year           = {2000},
 		School         = {SERC},
 		Address        = {Melbourne}
}

@INPROCEEDINGS{arikan95,
    Author         = {O. Aríkan and M. Belge and A. E. Çetin and E. Erzin},
    Booktitle      = {International Conference on Acoustics, Speech, and Signal Processing (ICASSP)},
    Title          = {Adaptive Filtering Approaches for non-Gaussian Stable Processes},
    Volume         = {2},
    Pages          = {1400-1403},
    Year           = {1995}
}

@ARTICLE{bodenschatz97,
    Author         = {John S. Bodenscatz and C. L. Nikias},
    Journal        = {IEEE Trans. Signal Processing},
    Title          = {Symmetric Alpha-Stable Filter Theory},
    Volume         = {45},
    Number         = {9},
    Month          = {September},
    Year           = {1997}
}

@ARTICLE{roughan00,
    Author         = {Mathew Roughan and Darryl Veitch and Patrice Abry},
    Journal        = {IEEE/ACM Trans. on Networking},
    Title          = {Real-Time Estimation of the Parameters of Long-Range Dependence},
    Volume         = {8},
    Number         = {4},
    Month          = {August},
    Year           = {2000}
}

@Misc{SecOrderTools:url,
    Author         = {D. Veitch  and P. Abry},
    Title          = {Second Order Estimation Code},
    URL            = {http://www.cubinlab.ee.mu.oz.au/$~$darryl/}
}

@ARTICLE{aydin99,
    Author         = {Gül Aydín and O. Aríkan and A. E. Çetin},
    Journal        = {IEEE Trans. on Circuits and Sistems II: Analog and Digital Signal Processing},
    Title          = {Robust Adaptive Filtering Algorithms for $\alpha$-stable Random Processes},
    Volume         = {46},
    Number         = {2},
    Month          = {February},
    Year           = {1999}
}

@ARTICLE{johnston01,
    Author         = {Leigh A. Johnston and V. Krishnamurthy},
    Journal        = {IEEE Trans. Signal Processing},
    Title          = {Derivation of a Sawtooth Iterated Extended Kalman Smoother via the AECM Algorithm},
    Volume         = {49},
    Number         = {9},
    Month          = {September},
    Year           = {2001}
}

@Misc{wiki-stable:url,
    Author         = {Wikipedia},
    Title          = {Levy Skew alpha-stable Distribution},
    URL            = {http://en.wikipedia.org/wiki/Levy\_skew\_alpha-stable\_distribution}
}


@Misc{robust:url,
    author         = {John Nolan},
    title          = {S-\uppercase{TABLE} Library (MATLAB version)},
    URL            = {http://www.robustanalysis.com}
}

@INPROCEEDINGS{pierce97,
    Author         = {R. D. Pierce},
    Booktitle      = {IEEE Signal Processing Workshop on Higher-Order Statistics},
    Title          = {Application of the Positive Alpha-Stable Distribution},
    Address        = {Alberta, Canada},
    Year           = {1997},
    Month          = {July}, 
    Pages          = {420-424}
}

@ARTICLE{athina00,
    Author         = {A. P. Petropulu and J.-C. Pesquet and X. Yang and J. Yin},
    Journal        = {IEEE Trans. Signal Processing},
    Title          = {Power-law shot noise and relationship to long-memory processes},
    Volume         = {48},
    Number         = {7},
    Month          = {July},
    Year           = {1989}
}

@Misc{nolan:url,
    Author         = {John Nolan},
    Title          = {An Introduction to Stable Distributions},
    URL            = {http://academic2.american.edu/~jpnolan/stable/stable.html}
}

@book{nolan:url,
    author = {J. P. Nolan},
    title = {Stable Distributions - Models for Heavy Tailed Data},
    year = {2007},
    publisher = {Birkhauser},
    address = {Boston},
    note = {In progress, Chapter 1 online at academic2.american.edu/$\sim$jpnolan}
}

@ARTICLE{pillai87,
    Author         = {S. S. Pillai and M. Harisankar},
    Journal        = {IEEE Trans. Electromag. Compat.},
    Title          = {Simulated Performance of a \uppercase{DS} spread spectrum system in impulsive atmospheric noise},
    Volume         = {EMC-29},
    Pages          = {80-82},
    Year           = {1987}
}

@ARTICLE{bouvet89,
    Author         = {M. Bouvet and S. C. Schwartz},
    Journal        = {IEEE Trans. Acoust., Speech, Signal Processing},
    Title          = {Comparison of Adaptive and Robust Receivers for Signal Detection in Ambient Underwater Noise},
    Volume         = {37},
    Pages          = {621-626},
    Year           = {1989}
}

@ARTICLE{middleton77,
    Author         = {D. Middleton},
    Journal        = {IEEE Trans. Electromag. Compat.},
    Title          = {Statistical Physical Models of Electromagnetic Interference},
    Volume         = {EMC-19},
    Pages          = {106-127},
    Year           = {1977}
}

@Misc{wiki-Pareto:url,
    Author         = {Wikipedia},
    Title          = {Pareto Distribution},
    URL            = {http://en.wikipedia.org/wiki/Pareto\_distribution}
}

@BOOK{levy25,
    Author         = {Paul Lévy},
    Publisher      = {Gauthier-Villars},
    Address        = {Paris},
    Title          = {Calcul des Probabilités},
    Year           = {1925}
}

@INPROCEEDINGS{popescu97,
    Author         = {Beatrice Pesquet-Popescu and Pascal Larzabal},
    Booktitle      = {IEEE Signal Processing Workshop on Higher-Order Statistics},
    Title          = {Higher and Lower-Order Properties of the Wavelet Decomposition of Self-Similar Processes},
    Address        = {Alberta, Canada},
    Year           = {1997},
    Month          = {July}, 
    Pages          = {458-462}
}

@INPROCEEDINGS{garret94,
    Author         = {M. Garret and W. Willinger},
    Booktitle      = {\textsc{SIGCOMM'94})},
    Title          = {Analysis, Modeling and Generation of Self-Similar \uppercase{VBR} Video Traffic},
    Year           = {1994},
    Month          = {Sep.}
}

@incollection{coifman92,
    Address        = {Boston, MA},
    Author         = {R. Coifman and Y. Meyer and M. V. Wickerhauser},
    editor         = {M. B. Ruskai and G. Beylkin and R. Coifman and I. Daubechies and S. Mallat and Y. Meyer and L. Raphael},
    Publisher      = {Jones and Bartlett},
    Title          = {Wavelet Analysis and Signal Processing},
    Booktitle      = {Wavelets and their applications},
    Year           = {1992}
}

@incollection{taqqu98,
  author        = {M. S. Taqqu and V. Teverovsky},
  editor        = {R. J. Adler and R. E. Feldman and M. S. Taqqu },
  title         = {On Estimating the Intensity of Long-Range Dependence in Finite and Infinite Variance Time Series},
  booktitle     = {A Practical Guide to Heavy Tails: Statistical Techniques and Applications},
  publisher     = {Birkhäuser},
  address       = {Boston},
  year          = {1998}
}

@INPROCEEDINGS{shimizu04,
    Author         = {Junya Shimizu},
    Booktitle      = {International Symposium on Communication and Information Technologies 2004 (\textsc{ISCIT 2004})},
    Title          = {A Multifractal Traffic Generation Method Using Wavelet and Volterra Filtering},
    Year           = {2004},
    Month          = {Oct.},
    Pages          = {469-474}
}

@incollection{abry03,
  author        = {Patrice Abry and Patrick Flandrin and Murad S. Taqqu and Darryl Veitch},
  editor        = {P. Doukan and G. Oppenheim and M. S. Taqqu},
  title         = {Self-Similarity and Long-Range Dependence through the Wavelet Lens},
  booktitle     = {Theory and Applications of Long Range Dependence},
  publisher     = {Birkhäuser},
  address       = {Boston, MA},
  year          = {2003}
}

@BOOK{swami00,
    Author         = {A. Swami and J. M. Mendel and C. L. Nikias},
    Publisher      = {United Signals \& Systems, Inc.},
    Title          = {Higher-Order Spectral Analysis Toolbox User's Guide, V. 2},
    Year           = {2000}
}

@BOOK{stoica97,
    Publisher      = {Prentice Hall},
    Author         = {Petre Stoica and Randolph Moses},
    Title          = {Introduction to Spectral Analysis},
    Year           = {1997}
}

@BOOK{stoica05,
    Publisher      = {Pearson Prentice Hall},
    Author         = {Petre Stoica and Randolph Moses},
    Title          = {Spectral Analysis of Signals},
    Year           = {2005}
}

@ARTICLE{hinich82,
    Author         = {M. J. Hinich},
    Journal        = {J. Time Series Analysis},
    Title          = {Testing for Gaussianity and Linearity of a Stationary Time Series},
    Year           = {1982},
    Volume         = {3},
    Pages          = {169-176}
}

@BOOK{rosenblatt83,
    Author         = {M. Rosenblatt},
    Publisher      = {Elsevier Science Publishers B. V.},
    Title          = {Handbook of Statistics, 3, D. R. Brillinger and P. R. Krishnaiah (Eds.)},
    Chapter        = {Cumulants and Cumulant Spectra},
    Year           = {1983},
    Pages          = {369-382}
}
% linear non-gaussian proc. and their higher-order spectral properties 

@incollection{bardet03,
  author        = {Jean-Marc Bardet and Gabriel Lang and Georges Oppenheim and Anne Philippe and Murad S. Taqqu},
  editor        = {P. Doukan and G. Oppenheim and M. S. Taqqu},
  title         = {Generators of long-Range dependent processes: a Survey},
  booktitle     = {Theory and Applications of Long Range Dependence},
  publisher     = {Birkhäuser},
  address       = {Boston, MA},
  year          = {2003}
}

@BOOK{box76,
    Author         = {G. E. P. Box and G. M. Jenkins},
    Address        = {San Francisco},
    Publisher      = {Holden Day},
    Title          = {Time Series Analysis, Forecasting and Control},
    Edition        = {Revised},
    Year           = {1976}
}

@incollection{taqqu03,
  author        = {Murad S. Taqqu},
  editor        = {P. Doukan and G. Oppenheim and M. S. Taqqu},
  title         = {Fractional Brownian Motion and Long-Range Dependence},
  booktitle     = {Theory and Applications of Long Range Dependence},
  publisher     = {Birkhäuser},
  address       = {Boston, MA},
  year          = {2003}
}

@INPROCEEDINGS{ma98,
    Author         = {S. Ma and C. Ji},
    Booktitle      = {17th Annual IEEE Conf. on Comp. Comm., INFOCOM},
    Title          = {Modeling Video Traffic in the Wavelet Domain},
    Year           = {1998},
    Month          = {Mar.},
    Pages          = {201-208}
}

@PHDTHESIS{sato04,
	 	Author  	     = {J. R. Sato},
 		Title          = {Processos com Memória Longa Compartilhada},
 		Type           = {Dissertação de Mestrado},
 		Year           = {2004},
 		School         = {IME-USP},
 		Address        = {São Paulo}
}

@ARTICLE{flandrin89,
    Author         = {P. Flandrin},
    Journal        = {IEEE Transactions on Information Theory},
    Pages          = {197-199},
    Title          = {On the Spectrum of Fractional Brownian Motions},
    Volume         = {35},
    Year           = {1989}
}

@BOOK{casella02,
    Author         = {George Casella and Roger L. Berger},
    Publisher      = {Duxbury},
    Title          = {Statistical Inference},
    Edition        = {2nd},	    
    Year           = {2002}
}

@ARTICLE{Jarque87,
    Author          = {C. M. Jarque and A. K. Bera},
    Journal         = {International Statistical Review},
    Title           = {A test for normality of observations and regression residuals},
    Year            = {1987},
    Volume          = {55},
    Number          = {5},	
    Pages           = {163-172}
}

@ARTICLE{wornell93,
    Author         = {G. W. Wornell},
    Journal        = {Proceedings of the IEEE},
    Title          = {Wavelet-Based Representations for the 1/f Family of Fractal Processes},
    Year           = {1993},
    Month          = {Oct.},  
    Volume         = {81},
    Number         = {10},
    Pages          = {1428-1450}
}

@ARTICLE{wornell90,
    Author         = {G. W. Wornell},
    Journal        = {IEEE Transactions on Information Theory},
    Title          = {A Karhunen-Loève-like expansion for 1/f processes via wavelets},
    Year           = {1990},
    Month          = {July},  
    Volume         = {36},
    Number         = {4},
    Pages          = {859-861}
}

@ARTICLE{abry98,
    Author         = {P. Abry and D. Veitch},
    Journal        = {IEEE Transactions on Information Theory},
    Title          = {Wavelet Analysis of Long-Range Dependent Traffic},
    Volume         = {4},
    Number         = {1},
    Year           = {1998},
    Pages          = {2-15}
}

@BOOK{kaiser94,
    Address        = {Boston, Mass.},
    Author         = {G. Kaiser},
    Publisher      = {Birkhäuser},
    Title          = {A Friendly Guide to Wavelets},
    Year           = {1994}
}

@BOOK{peebles93,
    Author         = {P. Z. Peebles, Jr.},
    Publisher      = {McGraw-Hill},
    Edition        = {third edition},
    Title          = {Probability, Random Variables, and Random Signal Principles},
    Year           = {1993}
}

@BOOK{papoulis91,
    Author         = {Athanasios Papoulis},
    Publisher      = {McGraw-Hill},
    Title          = {Probability, Random Variables, and Stochastic Processes},
    Edition        = {Third}, 
    Year           = {1996}
}

@ARTICLE{taqqu95,
    Author         = {M. Taqqu and V. Teverovsky and W. Willinger},
    Journal        = {Fractals},
    Title          = {Estimators for Long-Range Dependence: An Empirical Study},
    Year           = {1995},
    Volume         = {3},
    Pages          = {785-798}
}

@ARTICLE{kaplan93,
    Author         = {Lance M. Kaplan and C.-C Jay Kuo},
    Journal        = {IEEE Transactions on Signal Processing},
    Pages          = {3554-3562},
    Title          = {Fractal Estimation from Noisy Data via Discrete Fractional \uppercase{G}aussian Noise (\uppercase{DFGN}) and the \uppercase{H}aar Basis},
    Volume         = {12},
    Year           = {1993}
}

@ARTICLE{flandrin92,
    Author         = {P. Flandrin},
    Journal        = {IEEE Transactions on Information Theory},
    Pages          = {910-917},
    Title          = {Wavelet Analysis and Synthesis of Fractional Brownian Motion},
    Volume         = {38},
    Number         = {2},
    Year           = {1992}
}

%@ARTICLE{davies87,
%    Author         = {R. B. Davies and D. S. Harte},
%    Journal        = {Biometrika},
%    Pages          = {95-101},
%    Title          = {Tests for \uppercase{H}urst Effect},
%    Volume         = {74},
%    Year           = {1987}
%}

@BOOK{schwartz96,
    Author         = {Mischa Schwartz},
    Publisher      = {Prentice Hall},
    Title          = {Broadband Integrated Networks},
    Year           = {1996}
}

@BOOK{sato94,
    Author         = {Hiroshi Sato},
    Publisher      = {Artech House},
    Title          = {Teletraffic Technologies in ATM Networks},
    Year           = {1994}
}

@ARTICLE{mandelbrot68,
    Author         = {B. B. Mandelbrot and J. V. Ness},
    Journal        = {SIAM Rev.},
    Title          = {Fractional brownian motions, fractional noises and applications},
    Year           = {1968},
    Month          = {Feb.},
    Volume         = {10},
    Pages          = {422-437}
}

@incollection{bhansali03,
  author        = {R. J. Bhansali and P. S. Kokoszka},
  editor        = {P. Doukan and G. Oppenheim and M. S. Taqqu},
  title         = {Prediction of Long-Memory Time Series},
  booktitle     = {Theory and Applications of Long Range Dependence},
  publisher     = {Birkhäuser},
  address       = {Boston, MA},
  year          = {2003}
}

@ARTICLE{zhijun04,
    Author         = {F. Zhinjun and Z. Yuanhua and Z. Daowen},
    Journal        = {IEEE Transactions on Consumer Electronics},
    Title          = {Kalman Optimized Model for \uppercase{MPEG-4 VBR} Sources},
    Volume         = {50},
    Number         = {2},
    Year           = {2004},
    Month          = {May},
    Pages          = {688-690}
}

@inproceedings{lim00,
    Author         = {A. O. Lim and K. Ab-Hamid},
    Booktitle      = {\textsc{tencon 2000}},
    Title          = {Kalman Predictor Method for Congestion Avoidance in \uppercase{ATM} Networks},
    Year           = {2000},
    Pages          = {I346-I351}
}

@inproceedings{kolarov94,
    Author         = {A. Kolarov and A. Atai and J. Hui},
    Booktitle      = {Global Telecommunications Conference 1994 \textsc{(globecom'94)}},
    Title          = {Application of \uppercase{K}alman Filter in High-Speed Networks},
    Year           = {1994},
    Pages          = {624-628},
    Volume         = {1}
}

@ARTICLE{beran98,
    Author         = {J. Beran and R. J. Bhansali and D. Ocker},
    Journal        = {Biometrika},
    Title          = {On Unified Model Selection for Stationary and Nonstationary Short- and Long-Memory Autogressive Processes},
    Year           = {1998},
    Volume         = {85},
    Pages          = {921-934}
}

@BOOK{box94,
    Author         = {G. E. P. Box and G. M. Jenkins and G. C. Reinsel},
    Publisher      = {Prentice Hall},
    Title          = {Time Series Analysis: Forecasting and Control},
    Edition        = {3rd},
    Year           = {1994}
}

@BOOK{harvey93,
    Author         = {A. C. Harvey},
    Publisher      = {MIT Press},
    Title          = {Time Series Models},
    Edition        = {second},
    Year           = {1993}
}

@inproceedings{sadek03,
    Author         = {N. Sadek and A. Khotanzad and T. Chen},
    Booktitle      = {$12^{\text{th}}$ International Conference on Computer  Communications and Networks  (\textsc{icccn}) 2003},
    Title          = {\uppercase{ATM} Dynamic Bandwidth Allocation Using \uppercase{f-arima} Prediction Model},
    Year           = {2003},
    Month	       = {Oct.},
    Pages          = {359-363}
}

@inproceedings{shu00,
    Author         = {Y. Shu and Z. Jin and L. Zhang and L. Wang and O. W. W. Yang},
    Booktitle      = {International Conference on Communications 2000 \textsc{(icc'00)}},
    Title          = {Prediction-Based Admission Control Using \uppercase{FARIMA} Models},
    Year           = {2000},
    Volume         = {2},
    Pages          = {1325-1329}
}

@inproceedings{corradi00,
    Author         = {M. Corradi and R. G. Garroppo and S.Giordano and M. Pagano},
    Booktitle      = {International Conference on Communications 2000 \textsc{(icc'01)}},
    Title          = {Analysis of \uppercase{FARIMA} processes in the modeling of broadband traffic},
    Year           = {2001},
    Volume         = {3},
    Pages          = {964-968}
}

@inproceedings{ilow00,
    Author         = {J. Ilow},
    Booktitle      = {International Conference on Acoustic, Speech and Signal Processing 2000 \textsc{(icassp'00)}},
    Title          = {Forecasting Network Traffic Using \uppercase{farima} Models with Heavy Tailed Innovations},
    Year           = {2000},
    Volume         = {6},
    Pages          = {3814-3817}
}

@inproceedings{shu99,
    Author         = {Y. Shu and Z. Jin and L. Zhang and L. Wang and O. W. W. Yang},
    Booktitle      = {International Conference on Communications 1999 \textsc{(icc'99)}},
    Title          = {Traffic Prediction Using \uppercase{FARIMA} Models},
    Year           = {1999},
    Volume         = {2},
    Pages          = {891-895}
}

@BOOK{morettin04,
    Address        = {São Paulo, SP},
    Author         = {P. A. Morettin and C. M. C. Toloi},
    Publisher      = {Edgard Blücher ltda.},
    Title          = {Análise de Séries Temporais},
    Year           = {2004}
}

@ARTICLE{shumway82,
    Author         = {R. H. Shumway and D. S. Stofer},
    Journal        = {Journal of Time Series Analysis},
    Title          = {An Approach to Time Series Smoothing and Forecasting Using the E-M Algorithm},
    Pages          = {253-264},
    Volume         = {3},
    Year           = {1993}
}

@BOOK{shumway00,
    Author         = {R. H. Shumway and D. S. Stofer},
    Publisher      = {Springer},
    Title          = {Time Series Analysis and Its Applications},
    Year           = {2000}
}

@BOOK{stark02,
    Address        = {Upper Saddle River, NY},
    Author         = {H. Stark and J. W. Woods},
    Publisher      = {Prentice Hall},
    Title          = {Probability and Random Processes with Applications to Signal Processing},
    Edition        = {3rd},
    Year           = {2002}
}

@BOOK{proakis07,
    Publisher      = {Pearson Prentice Hall},
    Author         = {John G. Proakis and Dimitris G. Manolakis},
    Title          = {Digital Signal Processing},
    Edition        = {Fourth},
    Year           = {2007}
}

%@ARTICLE{shao93,
%    Author         = {M. Shao and C. L. Nikias},
%    Journal        = {Proceedings of the IEEE},
%    Title          = {Signal Processing with Fractional Lower Order Moments: Stable Processes and Their                               Applications},
%    Pages          = {986-1010},
%    Volume         = {81},
%    Year           = {1993},
%    Month          = {July}
%}

@BOOK{tong90,
    Publisher      = {Oxford University Press},
    Author         = {H. Tong},
    Title          = {Nonlinear Time Series Analysis},
    Year           = {1990}
}
% Baccalá já usou este livro. É bom.

@BOOK{rao84,
    Address        = {Berlin},
    Author         = {T. S. Rao and M. M. Gabr},
    Publisher      = {Springer-Verlag},
    Title          = {An Introduction to Bispectral Analysis and Bilinear Time Series Models, Lecture Notes in Statistics, 24},
    Year           = {1984}
}
% def and prop of cumulant spectra    

@TECHREPORT{beran99,
    Author         = {J. Beran},
    Title          = {SEMIFAR models, a semiparametric framework for modelling trends, long-range dependence and nonstationarity},
    INSTITUTION    = {University of Konstanz, Germany},
    Year           = {1999}
}

@ARTICLE{veitch99,
    Author         = {D. Veitch and P. Abry},
    Journal        = {IEEE Trans. on Information Theory},
    Title          = {A Wavelet Based Joint Estimator of the Parameters of Long-Range Dependence},
    Volume         = {45},
    Number         = {3},
    Pages          = {878-897},
    Month          = {April},
    Year           = {1999}
}

@BOOK{nikias93,
    Address        = {Englewood Cliffs, NJ},
    Author         = {Chrysostomos L. Nikias and Athina P. Petropulu},
    Publisher      = {Prentice-Hall},
    Title          = {Higher-order spectra analysis: a nonlinear signal processing framework},
    Year           = {1993}
}

@ARTICLE{brillinger65,
    Author         = {D. R. Brillinger},
    Journal        = {Ann. Math. Statist.},
    Title          = {An Introduction to Polyspectra},
    Volume         = {36}, 
    Year           = {1965},
    Pages          = {1351-1374}
}
% first tutorial paper on polyspectra
% definitions and properties of cumulant spectra

@Misc{insightful:url,
    author         = {Insightful},
    title          = {S-\uppercase{PLUS} software},
    institution    = {Insightful Corporation},
    year           = {2007},
    URL            = {http://www.insightful.com/products/}
}

@BOOK{taqqu94,
    Publisher      = {Chapman \& Hall},
    Address        = {London, UK}, 
    Author         = {G. Samorodnitsky and M. S. Taqqu},
    Title          = {Stable non-\uppercase{G}aussian random processes},
    Year           = {1994}
}

@ARTICLE{kalman60,
    Author         = {R. E. Kalman},
    Journal        = {Trans. ASME, J. Basic Eng.},
    Pages          = {35-45},
    Title          = {A New Approach to Linear Filtering and Prediction Problems},
    Volume         = {82},
    Year           = {1960}
}

@INPROCEEDINGS{jma04,
    Author         = {J. Ma and J.-F. Teng},
    Booktitle      = {Third International Conference on Machine Learning and Cybernetics, Shangai},
    Pages          = {687-690},
    Title          = {Predict Chaotic Time-Series Using Unscented Kalman Filter},
    Year           = {2004},
    Month          = {Aug.}
}

@INPROCEEDINGS{julier04,
    Author         = {S. J. Julier and J. K. Uhlmann},
    Booktitle      = {Proceedings of the IEEE},
    Title          = {Unscented Filtering and Nonlinear Estimation},
    Volume         = {92},
    Pages          = {401-422},
    Year           = {2004},
    Month          = {March}
}

@BOOK{sorenson85,
    Publisher      = {IEEE},
    Address        = {Piscataway, NJ},
    Author         = {H. W. Sorenson, Ed.},
    Title          = {Kalman Filtering: Theory and Application},
    Year           = {1985}
}

@BOOK{jazwinski70,
    Publisher      = {Academic},
    Address        = {San Diego, CA},
    Author         = {A. H. Jazwinski},
    Title          = {Stochastic Processes and Filtering Theory},
    Year           = {1970}
}

@BOOK{zivot03,
    Author         = {Eric Zivot and Jiahui Wang},
    Publisher      = {Springer},
    Title          = {Modeling Financial Time Series with S-PLUS},
    Year           = {2003}
}

@BOOK{tsay05,
    Author         = {Ruey S. Tsay},
    Address        = {Hoboken, New Jersey},
    Publisher      = {John Wiley and Sons},
    Title          = {Analysis of Financial Time Series},
    Edition        = {second},
    Year           = {2005}
}

@ARTICLE{riedi99,
    Author         = {R. H. Riedi and M. S. Crouse and V. J. Ribeiro and R. G. Baraniuk},
    Journal        = {IEEE Transactions on Information Theory},
    Title          = {A multifractal wavelet model with application to network traffic},
    Year           = {1999},
    Month          = {April},
    Volume         = {45},
    Number         = {3},
    Pages          = {992-1018}
}

@inproceedings{qiao04,
    Author         = {Y. Qiao and J. Skicewicz and P. Dinda},
    Booktitle      = {$13^{\text{th}}$ IEEE International Symposium on High PerformanceDistributed Computing (\uppercase{HPDC}) 2004},
    Title          = {An Empirical Study of Multiscale Predictability of Network Traffic},
    Pages          = {66-76},
    Year           = {2004},
    Month          = {June}, 
    url            = "http://www.cs.northwestern.edu/\~pdinda/Papers /pdc04-multiscale.pdf"
}

@BOOK{morettin03,
    Author         = {Pedro A. Morettin},
    Title          = {Econometria Financeira: Um curso em Séries Temporais Financeiras},
    Year           = {2003},
    URL            = {http://www.ime.usp.br/$~$pam}
}

@BOOK{durbin01,
    Author         = {J. Durbin and S. J. Koopman},
    Publisher      = {Oxford University Press},
    Title          = {Time Series Analysis by State Space Models},
    Year           = {2001}
}

@inproceedings{amblard97,
    Author         = {P. O. Amblard and J. M. Brossier and J. L. Lacoume},
    booktitle      = {IEEE Signal Processing Workshop on Higher-Order Statistics, 1997},
    Title          = {Playing with Long Range Dependence and HOS},
    Year           = {1997},
}

@inproceedings{you99,
    Author         = {C. You and K. Chandra},
    booktitle      = {$24$th Conference on Local Computer Networks \textsc{(lcn'99)}},
    Title          = {Time Series Models for Internet Traffic Data},
    Year           = {1999},
    Pages          = {164-171}
}

@inproceedings{lima07a,
    Author         = {Alexandre Barbosa de Lima and José Roberto de Almeida Amazonas},
    booktitle      = {20th International Teletraffic Congress (\uppercase{ITC} 2007)},
    Address        = {Ottawa, Canada},
    Title          = {State-Space Modeling of Long-Range Dependent Teletraffic},
    Month          = {June},
    Year           = {2007},
    Pages          = {260-271}
}

@inproceedings{lima07b,
    Author         = {A. B. de Lima and M. Lipas and F. L. de Mello and J. R. de A. Amazonas},
    booktitle      = {12th Computer Aided Modeling and Design of Communication Links and Networks (CAMAD07) Workshop,                            part of the 18th Annual IEEE International Symposium on Personal, Indoor and Mobile
                      Radio Communications (PIMRC07)},
    Address        = {Athens, Greece},
    Title          = {A Generator of Teletraffic with Long and Short-Range Dependence},
    Month          = {September},
    Year           = {2007}
}

@INCONFERENCE{lima06b,
    Author         = {Alexandre Barbosa de Lima and Marcelo Lipas and Fernando Lemos de Mello and José Roberto de                              Almeida Amazonas},
    Journal        = {IEEE International Conference on Communications (\uppercase{ICC} 2007)},
    Address        = {Glasgow, Scotland},
    Title          = {Introducing Short-Range Dependence in Self-Similar Traffic Generated via Wavelets},
    note           = {submitted} 
}

@ARTICLE{lima06c,
    Author         = {Alexandre Barbosa de Lima and Fernando Lemos de Mello and Marcelo Lipas and José Roberto de Almeida Amazonas},
    Journal        = {IEEE Transactions on Signal Processing},
    Title          = {Introducing Short-Range Dependence in non-Gaussian $1/f$-Type Teletraffic},
    note           = {submitted} 
}

@ARTICLE{hosking84,
    Author         = {J. R. M. Hosking},
    Journal        = {Water Resources Research},
    Title          = {Modeling Persistence in Hydrological Time Series Using Fractional Differencing},
    Volume         = {20}, 
    Year           = {1984},
    Pages          = {1898-1908}
}

%@ARTICLE{percival92,
%    Author         = {D. B. Percival},
%    Journal        = {Computing Science and Statistics},
%    Pages          = {534-538},
%    Title          = {Simulating \uppercase{G}aussian Random Processes with Specified Spectra},
%    Volume         = {24},
%    Year           = {1992}
%}

@BOOK{percival00,
    Publisher      = {Cambridge University Press},
    Author         = {D. B. Percival and A. T. Walden},
    Title          = {Wavelet Methods for Time Series Analysis},
    Year           = {2000}
}

@INCONFERENCE(veitch00,
    Title          = {On-line Generation of Fractal and Multi-Fractal Traffic},
    Author         = {D. Veitch and J. Bäckar and J. Wall and J. Yates and M. Roughan},
    Journal        = {Workshop on Passive and Active Networking (PAM2000)},
    Address        = {Hamilton, New Zealand},
    Month 				 = {April},
    Year           = {2000}
)

@BOOK{gubner06,
    Publisher      = {Cambridge University Press},
    Address        = {Cambridge, UK},
    Author         = {John A. Gubner},
    Title          = {Probability and Random Processes for Electrical and Computer Engineers},
    Year           = {2006}
} 

@ARTICLE{qiu01,
    Author         = {J. Qiu and E. W. Knightly},
    Journal        = {IEEE/ACM Transactions on Networking},
    Title          = {Measurement-Based Admission Control with Aggregate Traffic Envelopes},
    Year           = {2001},
    Month          = {April},
    Volume         = {9},
    Number         = {2},
    Pages          = {199-210},
    url            = {http://citeseer.nj.nec.com/qiu01measurementbased.htm}
}

@PHDTHESIS{barra05,
    Author  	 = {Carlos Rebolledo Barra},
    Title          = {Caracterização experimental e por simulação e modelagem da qualidade de serviço obtida na transmissão de áudio e vídeo em tempo real.},
    Type           = {Tese de Doutorado},
    Year           = {2005},
    School         = {Escola Politécnica da USP},
    Address        = {São Paulo}
}

@ARTICLE{grossglauser99,
    Author         = {Matthias Grossglauser and Jean-Chrysostome Bolot},
    Journal        = {IEEE/ACM Transactions on Networking },
    Title          = {On the Relevance of Long-Range Dependence in Network Traffic},
    Volume         = {7},
    Number         = {5},
    Year           = {1999},
    Month          = {October},
    Pages          = {629-640}
}

@ARTICLE{akaike74,
    Author         = {H. Akaike},
    Journal        = {IEEE Transactions on Automatic Control},
    Title          = {A New look at the statistical model identification},
    Volume         = {AC-19},
    Year           = {1974},
    Pages          = {716-723}
}

@incollection{akaike73,
    Author         = {H. Akaike},
    editor         = {B. N. Petrov and F. Csaki},
    Booktitle      = {2nd International Symposium on Information Theory.},
    Title          = {Information Theory and an Extension of the Maximum Likelihood Principle},
    Year           = {1973},
    Pages          = {267-281},
    address        = {Akademia Kiado, Budapest}
}

@ARTICLE{mello07,
    Author         = {Fernando Lemos de Mello and Alexandre Barbosa de Lima and Marcelo Lipas and José Roberto de Almeida Amazonas},
    Journal        = {IEEE Latin America Transactions},
    Title          = {Geração de Séries Auto-Similares \uppercase{G}aussianas via Wavelets para Uso em Simulações de Tráfego},
    Volume         = {5},
    Number         = {1},
    Month          = {Março},
    Year           = {2007}    
}

@BOOK{peitgen92,
    Publisher      = {Springer-Verlag},
    Author         = {Heinz-Otto Peitgen and Hartmut Jürgens and Dietmar Saupe},
    Title          = {Chaos and Fractals: New Frontiers of Science},
    Year           = {1992}
} 

@BOOK{kleinrock75,
    Publisher      = {John Wiley \& Sons},
    Author         = {L. Kleinrock},
    Title          = {Queueing Systems},
    Year           = {1975}
} 

@ARTICLE{cantor1883,
    Author         = {Georg Cantor},
    Journal        = {Mathematische Annalen},
    Title          = {Über unendliche, lineare Punktmannigfaltigkeiten V},
    Year           = {1883},
    Volume         = {21},
    Pages          = {545-591}
}

@ARTICLE{erlang1909,
    Author         = {Agner Krarup Erlang},
    Journal        = {Nyt Tidsskrift for Matematik B (first publication)},
    Title          = {The Theory of Probabilities and Telephone Conversation},
    Howpublished   = {http://oldwww.com.dtu.dk/teletraffic/Erlang.html},
    Year           = {1909},
    Volume         = {20}
}

@BOOK{mandelbrot77a,
    Address        = {New York},
    Publisher      = {WH Freeman},
    Author         = {B. B. Mandelbrot},
    Title          = {The Fractal Geometry of Nature},
    Year           = {1977}
} 
% O termo fractal foi cunhado por Mandelbrot

@ARTICLE{erramilli96,
    Author         = {A. Erramilli and O. Narayan and W. Willinger},
    Journal        = {IEEE/ACM Transactions on Networking},
    Title          = {Experimental Queueing Analysis with Long-Range Dependent Traffic},
    Year           = {1996},
    Month          = {April},
    Volume         = {4},
    Pages          = {209-223}
}

@PHDTHESIS{lima02,
    Author  	 = {Alexandre Barbosa de Lima},
    Title          = {Proposta de uma Estratégia para Controle de Admissão de Conexões Baseado em Medições de Tráfego Agregado e Caracterização de Redes IP},
    Type           = {Dissertação de Mestrado},
    Year           = {2002},
    School         = {Escola Politécnica da USP},
    Address        = {São Paulo}
}

@ARTICLE{kim03,
    Author         = {S. Kim and J. Y. Lee and D. K. Sung},
    Journal        = {IEEE Communications Letters},
    Title          = {A Shifted Gamma Distribution Model for Long-Range Dependent Internet Traffic},
    Pages          = {124-126},
    Volume         = {7},
    Number         = {3},
    Year           = {2003},
    Month          = {March}
}

@INPROCEEDINGS{garroppo00,
    Author         = {R. G. Garroppo and S. Giordano and S. Porcarelli and G. Procissi},
    Booktitle      = {IEEE International Conference on Communications, 2000 (\textsc{icc  2000})},
    Title          = {Testing $\alpha$-Stable Processes in Modeling Broadband Teletraffic},
    Pages          = {1615-1619},
    Volume         = {3},
    Year           = {2000},
    Month          = {June}
}

@BOOK{beran94,
    Author         = {J. Beran},
    Publisher      = {Chapman \& Hall},
    Title          = {Statistics for Long-Memory Processes},
    Year           = {1994}
}
@inproceedings{bates97,
    Author         = {Stephen Bates and S. McLaughlin},
    booktitle      = {IEEE Signal Processing Workshop on Higher-Order Statistics, 1997},
    Title          = {Testing the Gaussian Assumption for Self-Similar Teletraffic Models},
    Year           = {1997},
    Pages          = {444-447}
}

@INPROCEEDINGS{ribeiro99,
    Author         = {V. Ribeiro and R. Riedi and M. S. Crouse and R. G. Baraniuk},
    Booktitle      = {SIGMETRICS'99},
    Title          = {Simulation of Non\uppercase{G}aussian Long-Range Dependent Traffic Using Wavelets},
    Month          = {May},
    Year           = {1999},
}

@ARTICLE{granger80,
    Author         = {C. W. J. Granger and R. Joyeux},
    Journal        = {Journal of Time Series Analysis},
    Title          = {An Introduction to Long-Memory Time Series Models and Fractional Differencing},
    Year           = {1980},
    Month          = {Oct.},
    Volume         = {1},
    Pages          = {15-29}
}

@ARTICLE{hosking81,
    Author         = {J. R. M. Hosking},
    Journal        = {Biometrika},
    Title          = {Fractional Differencing},
    Year           = {1981},
    Month          = {Oct.},
    Volume         = {68},
    Pages          = {165-176}
}

@ARTICLE{ma01,
    Author         = {Sheng Ma and Chuanyi Ji},
    Journal        = {IEEE Transactions on Networking},
    Pages          = {634-649},
    Title          = {Modeling Heterogeneous Network Traffic in Wavelet Domain},
    Month          = {Oct.},
    Volume         = {9},
    Number         = {5},
    Year           = {2001}
}

@ARTICLE{duffield97,
    Title          = {Economies of Scale for Long-Range Dependent Traffic in Short Buffers},
    Journal        = {Telecommunication Systems},
    Publisher      = {Springer Netherlands},
    Author         = {N. G. Duffield},
    Volume         = {7},
    Number         = {1-3},
    Month          = {March},
    Year           = {1997},
    Pages          = {267-280}
}

@ARTICLE{yang01,
    Title          = {The Extended Alternating Fractal Renewal Process for Modeling Traffic in High-Speed Communications Networks},
    Journal        = {IEEE Transactions on Signal Processing},
    Publisher      = {Springer Netherlands},
    Author         = {X. Yang and A. P. Petropulu},
    Volume         = {49},
    Number         = {7},
    Month          = {July},
    Year           = {2001},
    Pages          = {1349-1363}
}

@incollection{athina04,
  author        = {Athina P. Petropulu and Xueshi Yang},
  editor        = {Kenneth E. Barner and Gonzalo R. Arce},
  title         = {Data Traffic Modeling - A Signal Processing Perspective},
  booktitle     = {Nonlinear Signal and Image Processing - Theory, Methods, and Applications},
  publisher     = {CRC Press},
  year          = {2004}
}

@incollection{arce04,
  author        = {Gonzalo R. Arce and Juan G. Gonzalez and Yinbo Li},
  editor        = {Kenneth E. Barner and Gonzalo R. Arce},
  title         = {Weighted Myriad Filters},
  booktitle     = {Nonlinear Signal and Image Processing - Theory, Methods, and Applications},
  publisher     = {CRC Press},
  year          = {2004}
}

@ARTICLE{mandelbrot63,
    Author         = {Benoit B. Mandelbrot},
    Journal        = {J. Business},
    Title          = {The Variation of Certain Speculative Prices} ,
    Year           = {1963},
    Volume         = {36},
    Pages          = {394-419}
}

@ARTICLE{berger63,
    Author         = {J. Berger and Benoit B. Mandelbrot},
    Journal        = {IBM J. Res. Develop.},
    Title          = {A New Model for Error Clustering in Telephone Circuits},
    Year           = {1963},
    Pages          = {224-236}
}

@ARTICLE{karasaridis01,
    Author         = {Anestis Karasaridis and Dimitrios Hatzinakos},
    Journal        = {IEEE Transactions on Communications},
    Title          = {Network Heavy Traffic Modeling Using $\alpha$-Stable Self-Similar Processes} ,
    Year           = {2001},
    Volume         = {49},
    Number         = {7},
    Month          = {July},
    Pages          = {1203-1214}
}

@INPROCEEDINGS{karasaridis97,
    Author         = {A. Karasaridis and D. Hatzinakos},
    Booktitle      = {IEEE Signal Processing Workshop on Higher-Order Statistics (HOS)},
    Title          = {On the Modeling of Network Traffic and Fast Simulation of Rare Events Using Stable Self-Similar                            Processes},
    Year           = {1997},
    Month          = {July},
    Pages          = {268-272}
}

@TECHREPORT{riedi97,
    Author         = {R. Riedi and J. L. Véhel},
    Title          = {Multifractal properties of TCP traffic: a numerical study, Tech. Rep. 3129},
    INSTITUTION    = {INRIA Rocquencourt, France},
    Year           = {1997},
    URL            = {http://citeseer.ist.psu.edu/riedi97multifractal.html}
}

@MISC{whitcher99,
    Author         = {Brandon Whitcher},
    Howpublished   = {http://www.cgd.ucar.edu/~whitcher/software/},
    Title          = {software - waveconv},
    Year           = {1999}
}

@ARTICLE{gilbert99,
    Author         = {A. C. Gilbert and W. Willinger and A. Feldmann},
    Journal        = {IEEE Transactions on Information Theory},
    Note           = {Special Issue on ``Multiscale Statistical Signal Analysis and its Applications''},
    Title          = {Scaling analysis of conservative cascades, with applications to network traffic},
    Year           = {1999},
    Month          = {April},  
    Volume         = {45},
    Number         = {3},
    Pages          = {971-991}
}

@BOOK{mandelbrot77b,
    Publisher      = {W. H. Freeman and Co},
    Author         = {B. B. Mandelbrot},
    Title          = {Fractals: Form, Chance and Dimension},
    Year           = {1977}
} 
% O termo fractal foi cunhado por Mandelbrot

@ARTICLE{feldmann98,
    Author         = {A. Feldmann and A. C. Gilbert and W. Willinger},
    Journal        = {Computer Communication review},
    Title          = {Data networks as cascades: investigating the multifractal nature of Internet \uppercase{WAN}                               traffic},
    Year           = {1998},
    Volume         = {28},
    Number         = {4},
    Pages          = {42-55}
}

@ARTICLE{leland94,
    Author         = {W. Leland and M. Taqqu and W. Willinger and D. Wilson},
    Journal        = {IEEE/ACM Transactions on Networking},
    Title          = {On the Self-Similar Nature of \uppercase{E}thernet Traffic (extended version)},
    Year           = {1994},
    Month          = {Feb.},
    Volume         = {2},
    Number          = {1},
    Pages          = {1-15}
}

@ARTICLE{paxson97,
    Author         = {V. Paxson},
    Journal        = {Computer Communication review},
    Title          = {Fast, Approximate synthesis of fractional \uppercase{G}aussian noise for generating self-similar network                          traffic},
    Year           = {1997},
    Month          = {Oct.},
    Volume         = {27},
    Pages          = {5-18}
}

@ARTICLE{paxson95,
    Author         = {V. Paxson and S. Floyd},
    Journal        = {IEEE/ACM Transactions on Networking},
    Title          = {Wide-Area Traffic: The Failure of \uppercase{P}oisson Modeling},
    Year           = {1995},
    Month          = {June},
    Volume         = {3},
    Number         = {3},
    Pages          = {226-244}
}

@BOOK{daubechies92,
    Address        = {Philadelphia},
    Author         = {I. Daubechies},
    Publisher      = {SIAM},
    Title          = {Ten Lectures on Wavelets},
    Year           = {1992}
}

@ARTICLE{mallat89,
    Author         = {S. G. Mallat},
    Journal        = {IEEE Transactions on Pattern Analysis and Machine Intelligence},
    Pages          = {674-693},
    Title          = {A Theory for Multiresolution Signal Decomposition: The Wavelet Representation},
    Volume         = {11},
    Year           = {1989}
}

@ARTICLE{mallat89b,
    Author         = {S. G. Mallat},
    Journal        = {Transactions of the American Mathematical Society},
    Pages          = {69-87},
    Title          = {Multiresolution Approximations and Wavelet Orthonormal Bases of $L^2(\mathbb{R})$},
    Volume         = {315},
    Year           = {1989}
}

@ARTICLE{mallat89c,
    Author         = {S. G. Mallat},
    Journal        = {IEEE Transactions on Acoustics, Speech, and Signal Processing},
    Pages          = {2091-2110},
    Title          = {Multifrequency Channel Decompositions of Images and Wavelet Models},
    Volume         = {37},
    Year           = {1989}
}


@BOOK{priestley81,
    Address        = {London},
    Author         = {M. B. Priestley},
    Publisher      = {Academic Press},
    Title          = {Spectral Analysis and Time Series},
    Year           = {1981}
}

@BOOK{percival93,
    Address        = {New York},
    Author         = {D. B. Percival and A. T. Walden},
    Publisher      = {Cambridge},
    Title          = {Spectral Analysis for Physical Applications},
    Year           = {1993}
}

@BOOK{brockwell96,
    Address        = {New York},
    Author         = {P J. Brockwell and R. A. Davis},
    Publisher      = {Springer-Verlag},
    Title          = {Introduction to Time Series and Forecasting },
    Year           = {1996}
}

@BOOK{whitcher2001,
    Author         = {Ramazan Gençay and Faruk Selçuk  and Brandon Whitcher},
    Publisher      = {Academic Press},
    Title          = {An Introduction to Wavelets and Other Filtering Methods in Finance and Economics},
    Year           = {2001}
}

@BOOK{brockdavis91,
    Address        = {New York},
    Author         = {Peter J. Brockwell and Richard A. Davis},
    Edition        = {2ª},
    Publisher      = {Springer-Verlag},
    Title          = {Time series: theory and methods},
    Year           = {1991}
}

@BOOK{goralski95,
    Author         = {W. J. Goralski},
    Publisher      = {McGraw-Hill, Inc.},
    Title          = {Introduction to ATM Networking},
    Year           = {1995}
}

@UNPUBLISHED{ghsbac2004,
    Author         = {G. H. Silva and L. A. Baccala},
    Note           = {submitted to CBA 2004},
    Title          = {On Granger causality and time scale wavelet decomposition},
    Year           = {2004}
}

@ARTICLE{duffield01,
    Author         = {N. G. Duffield},
    Journal        = {IEEE/ACM Transactions on Networking},
    Pages          = {280-292},
    Title          = {Trajectory Sampling for Direct Traffic Observation},
    Volume         = {9},
    Number         = {3},
    Month          = {June},
    Year           = {2001}
}

@MANUAL{bac2001e,
    Address        = {São Paulo},
    Author         = {L. A. Baccala},
    Note           = {Fapesp grant 99/07641-2 (Estudo de Relações de Causa e Efeito entre Sinais Neuro-elétricos multicanais)},
    Title          = {Causal 1.0 - Users Guide},
    Year           = {2001}
}

@MISC{whitcher99,
    Author         = {Brandon Whitcher},
    URL            = {http://www.cgd.ucar.edu/~whitcher/software/},
    Title          = {software - waveconv},
    Year           = {1999}
}

@MISC{frame06,
    Author         = {Michael Frame and Benoit B. Mandelbrot and Nial Neger},
    URL            = {http://classes.yale.edu/fractals/},
    Title          = {Natural Fractals, Class on Fractal Geometry offered by \uppercase{Y}ale \uppercase{U}niversity},
    Year           = {2006}
}

@MISC{rosen01,
    Author         = {E. Rosen and A. Viswanathan and R. Callon},
    URL            = {http://www.ietf.org/rfc/rfc3031.txt},
    Title          = {Internet \uppercase{RFC} 3031: \uppercase{M}ultiprotocol \uppercase{L}abel \uppercase{S}witching \uppercase{A}rchitecture},
    Year           = {2001}
}

@MISC{braden94,
    Author         = {R. Braden and D. Clark and S. Shenker},
    URL            = {http://www.ietf.org/rfc/rfc1633.txt},
    Title          = {Internet \uppercase{RFC} 1633: \uppercase{I}ntegrated \uppercase{S}ervices in the \uppercase{I}nternet \uppercase{A}rchitecture},
    Year           = {1994}
}

@MISC{blake98,
    Author         = {S. Blake},
    URL            = {http://www.ietf.org/rfc/rfc2475.txt},
    Title          = {Internet \uppercase{RFC} 2475: \uppercase{A}n \uppercase{A}rchitecture for \uppercase{D}ifferentiated \uppercase{S}ervices},
    Year           = {1998}
}

@MISC{nichols98,
    Author         = {K. Nichols},
    URL   = {http://www.ietf.org/rfc/rfc2474.txt},
    Title          = {Internet \uppercase{RFC} 2474: \uppercase{D}efinition of the \uppercase{D}ifferentiated \uppercase{S}ervices \uppercase{f}ield (\uppercase{DS} field) in the \uppercase{IP}v4 and \uppercase{IP}v6 \uppercase{h}eaders },
    Year           = {1998}
}

@BOOK{zheng01,
    Author         = {Zheng Wang},
    Publisher      = {Morgan Kaufmann},
    Edition        = {first},
    Title          = {Internet QoS: Architectures and Mechanisms for Quality of Service},
    Month          = {March},
    Year           = {2001}
}

@BOOK{armitage00,
    Author         = {G. Armitage},
    Publisher      = {MacMillan Technical Publishing},
    Title          = {Quality of Service in IP Networks},
    Year           = {2000}
}

@BOOK{minei05,
    Author         = {Ina Minei and Julian Lucek},
    Publisher      = {John Wiley \& Sons },
    Title          = {MPLS-Enabled Applications: Emerging Developments and New Technologies},
    Month          = {October},
    Year           = {2005}
}

@BOOK{davie00,
    Author         = {Bruce S. Davie and Yakov Rekhter},
    Publisher      = {Morgan Kaufmann},
    Edition        = {first},
    Title          = {MPLS: Technology and Applications },
    Month          = {May},
    Year           = {2000}
}

@MISC{andreas03,
    Author         = {Andreas Klimke},
    URL            = {http://matlabdb.mathematik.uni-stuttgart.de/index.jsp},
    Title          = {Mandelbrot Set GUI (for \uppercase{MATLAB})},
    Year           = {2003}
}

@ARTICLE{cappe02,
    Author         = {Olivier Cappe and Eric Moulines and Jean-Christophe Pesquet and Athina Petropulu and Xueshi Yang},
    Journal        = {IEEE Signal Processing Magazine},
    Title          = {Long-Range Dependence and Heavy-Tail Modeling for Teletraffic Data},
    Volume         = {19},
    Pages          = {14-27},
    Month          = {May},
    Year           = {2002}
}

@ARTICLE{hurst51,
    Author         = {H. E. Hurst},
    Journal        = {Trans. Am. Soc. Civil Engineers},
    Title          = {Long-term Storage Capacity of Reservoirs},
    Year           = {1951},
    Volume         = {116},
    Pages          = {770-799}
}

@ARTICLE{willinger94,
    Author         = {Walter Willinger and Daniel V. Wilson and Will E. Leland and M. Taqqu},
    Journal        = {ConneXions},
    Title          = {On Traffic Measurements that Defy Traffic Models (and vice-versa): Self-Similar Traffic Modeling for High-Speed Networks},
    Volume         = {8},
    Number         = {11},
    Pages          = {14-24},
    Year           = {1994}
}


