%% =====================================================
%% Documento:  Refer�ncias - Bibliografia
%% Arquivo:    a15-referencias.bib
%% =====================================================

%% =====================================================
%% IMPORTANTE!!
%% A acentua��o neste arquivo deve ser feita por comandos:
%% Exemplo: Para escrever �rtico, utilize \'{A}rtico
%% Isso garante a ordem alfab�tica.
%% =====================================================

%% Exemplo de como colocar um artigo de jornal sem autor
@article{ref2,
address={S�o Paulo},
journal={A Folha de S.~Paulo},
month={2 abr.},
pages={4},
title={Nome do artigo},
year={1995}
}

%% Exemplo de como colocar um artigo de jornal com autor
@article{ref3,
author={Nome Autor},
address={S�o Paulo},
journal={A Folha de S.~Paulo},
month={7 set.},
pages={11-23},
title={T�tulo do artigo},
year={1995}
}

%% Exemplo de como colocar um artigo de revista sem autor
@article{ref4,
address={Rio de Janeiro},
journal={Nome da revista},
month={jan.},
number={35},
pages={51-60},
title={T\'{\i}tulo do Artigo},
year={1987}}

%% Mais um exemplo de como colocar um livro, mas com subt�tulo
@book{ref5,
address={S�o Paulo},
author={Nome Autor},
publisher={Editora},
subtitle={Subt�tudo, que vem depois de dois pontos},
title={T�tulo},
year={1995}}

%% Mais um exemplo de como colocar um livro, mas indicando as p�ginas.
@book{ref6,
pages={8-2 - 8-6},
author={Jos� Lucas Rangel},
title={Decidibilidade e computabilidade.},
chapter={Cap�tulo 8: O problema da parada.}}

%% Mais um exemplo de como colocar um livro, mas com v�rios autores.
@book{ref7,
author={X. Y. Z. Evans and Outro Autor and Mais Um and W. S. Caule},
title={Exemplo de cita��o no texto},
year={1987}}


%% Um exemplo de como citar o texto de alguma p�gina da internet sem autor
@article{ref9,
title={Conceitos criados como exemplo},
url={http://nomedodominio.com.br},
year={2003},
urlaccessdate={8 mar. 1999}}

%%%%%%%%%%%%%%%%%%%%%%%%%%%%%%%%%%%%%%%%%%%%%%%%%%%%%
% Modelo para escrever TCCs, disserta��es e teses utilizando LaTeX, ABNTeX e BibTeX
% Autor/E-Mail: Robinson Alves Lemos/contato@robinson.mat.br/robinson.a.l@bol.com.br
% Data: 19/04/2008 
% Colaboradore(s)/E-Mail(s):
% Caso queira colaborar, entre em contato pelo e-mail e informe altera��es que realizou.
%%%%%%%%%%%%%%%%%%%%%%%%%%%%%%%%%%%%%%%%%%%%%%%%%%%%%